@book{mei2005nonlinear,
  title={Theory and Applications of Ocean Surface Waves: Nonlinear Aspects},
  author={Mei, C C and Stiassnie, M and Yue, D K P},
  isbn={9789812561589},
  lccn={2006273918},
  number={2},
  series={Advanced Series on Ocean Engineering},
  year={2005},
  publisher={World Scientific}
}

@article{ott1969nonlinear,
    AUTHOR = {Ott, E and Sudan, R N},
     TITLE = {Nonlinear theory of ion acoustic waves with {L}andau damping},
   JOURNAL = {Phys. Fluids},
  FJOURNAL = {The Physics of Fluids},
    VOLUME = {12},
      YEAR = {1969},
     PAGES = {2388--2394},
      ISSN = {0031-9171},
   MRCLASS = {76.45},
  MRNUMBER = {258349},
MRREVIEWER = {Y. Hayashi},
       DOI = {10.1063/1.1692358},
       URL = {https://doi.org/10.1063/1.1692358},
}

@article{miles1976damping,
  title={Damping of weakly nonlinear shallow-water waves},
  author={Miles, John W},
  journal={J. Fluid Mech.},
  fjournal={Journal of Fluid Mechanics},
  volume={76},
  number={2},
  pages={251--257},
  year={1976},
  publisher={Cambridge University Press}
}

@article{elgar1985observations,
  title={Observations of bispectra of shoaling surface gravity waves},
  author={Elgar, Steve and Guza, R T},
  journal={J. Fluid Mech.},
  fjournal={Journal of Fluid Mechanics},
  volume={161},
  pages={425--448},
  year={1985},
  publisher={Cambridge University Press}
}

@article{elgar1987relationships,
  title={Relationships involving third moments and bispectra of a harmonic process},
  author={Elgar, Steve},
  journal={IEEE Trans. Acoust.},
  fjournal={IEEE transactions on acoustics, speech, and signal processing},
  volume={35},
  number={12},
  pages={1725--1726},
  year={1987},
  publisher={IEEE}
}

@article{miles1957generation,
  title={On the generation of surface waves by shear flows},
  author={Miles, John W},
  journal={J. Fluid Mech.},
  fjournal={Journal of Fluid Mechanics},
  volume={3},
  number={2},
  pages={185--204},
  year={1957},
  publisher={Cambridge University Press}
}

@article{donelan2006wave,
  title={Wave-follower field measurements of the wind-input spectral function. Part II: Parameterization of the wind input},
  author={Donelan, Mark A and Babanin, Alexander V and Young, Ian R and Banner, Michael L},
  journal={J. Phys. Oceanogr.},
  fjournal={Journal of Physical Oceanography},
  volume={36},
  number={8},
  pages={1672--1689},
  year={2006}
}

@article{taylor2001dependence,
  title={The dependence of sea surface roughness on the height and steepness of the waves},
  author={Taylor, Peter K and Yelland, Margaret J},
  journal={J. Phys. Oceanogr.},
  fjournal={Journal of Physical Oceanography},
  volume={31},
  number={2},
  pages={572--590},
  year={2001}
}

@article{feddersen2005wind,
  title={Wind effects on shoaling wave shape},
  author={Feddersen, Falk and Veron, Fabrice},
  journal={J. Phys. Oceanogr.},
  fjournal={Journal of Physical Oceanography},
  volume={35},
  number={7},
  pages={1223--1228},
  year={2005}
}

@article{liu2016modeling,
  title={Modeling wind effects on shallow water waves},
  author={Liu, Ke and Chen, Qin and Kaihatu, James M},
  journal={J. Waterway Port Coast. Ocean Eng.},
  fjournal={Journal of Waterway, Port, Coastal, and Ocean Engineering},
  volume={142},
  pages={04015012},
  year={2016},
  publisher={American Society of Civil Engineers}
}


@article{chapalain1992observed,
  title={Observed and modeled resonantly interacting progressive water-waves},
  author={Chapalain, Georges and Cointe, Raymond and Temperville, Andre},
  journal={Coast. Eng.},
  fjournal={Coastal engineering},
  volume={16},
  number={3},
  pages={267--300},
  year={1992},
  publisher={Elsevier}
}

@article{leykin1995asymmetry,
  title={Asymmetry of wind waves studied in a laboratory tank},
  author={Leykin, I A and Donelan, M A and Mellen, R H and McLaughlin, D J},
  journal={Nonlinear Process Geophys.},
  jjournal={Nonlinear Processes in Geophysics},
  volume={2},
  number={3/4},
  pages={280--289},
  year={1995}
}

@article{elgar1990recurrence,
  title={Recurrence in truncated Boussinesq models for nonlinear waves in shallow water},
  author={Elgar, Steve and Freilich, M H and Guza, R T},
  journal={J. Geophys. Res},
  fjournal={Journal of Geophysical Research: Oceans},
  volume={95},
  number={C7},
  pages={11547--11556},
  year={1990},
  publisher={Wiley Online Library}
}

@book{dingemans1997water,
  title={Water Wave Propagation Over Uneven Bottoms},
  author={Dingemans, Maarten W},
  volume={13},
  year={1997},
  publisher={World Scientific}
}

@article{jeffreys1925formation,
  title={On the formation of water waves by wind},
  author={Jeffreys, Harold},
  journal={Proc. R. Soc. Lond. A},
  jjournal={Proceedings of the Royal Society A: Mathematical, Physical and Engineering Sciences},
  volume={107},
  number={742},
  pages={189--206},
  year={1925},
  publisher={The Royal Society}
}

@article{zdyrski2020wind,
  title={Wind-Induced Changes to Surface Gravity Wave Shape in Deep to Intermediate Water},
  author={Zdyrski, Thomas and Feddersen, Falk},
  journal={J. Fluid Mech.},
  fjournal={Journal of Fluid Mechanics},
  year={2020},
  volume={903},
  pages={A31},
  publisher={Cambridge University Press},
  doi={10.1017/jfm.2020.628},
}

@article{banner1976separation,
  title={On the separation of air flow over water waves},
  author={Banner, M L and Melville, W K},
  journal={J. Fluid Mech.},
  fjournal={Journal of Fluid Mechanics},
  volume={77},
  number={04},
  pages={825--842},
  year={1976},
  publisher={Cambridge Univ Press}
}

@article{tian2013evolution,
  title={Evolution of deep-water waves under wind forcing and wave breaking effects: Numerical simulations and experimental assessment},
  author={Tian, Zhigang and Choi, Wooyoung},
  journal={Eur. J. Mech},
  fjournal={European Journal of Mechanics-B/Fluids},
  volume={41},
  pages={11--22},
  year={2013},
  publisher={Elsevier}
}

@article{touboul2006interaction,
  title={On the interaction of wind and extreme gravity waves due to modulational instability},
  author={Touboul, J and Kharif, C},
  journal={Phys. Fluids},
  fjournal={Physics of Fluids},
  volume={18},
  pages={108103},
  year={2006},
  publisher={American Institute of Physics}
}

@article{phillips1957generation,
  title={On the generation of waves by turbulent wind},
  author={Phillips, Owen M},
  journal={J. Fluid Mech.},
  fjournal={Journal of Fluid Mechanics},
  volume={2},
  number={5},
  pages={417--445},
  year={1957},
  publisher={Cambridge Univ Press}
}

@article{zdyrski2019effects,
  title={Effects of dissipation on solitons in the hydrodynamic regime of graphene},
  author={Zdyrski, Thomas and McGreevy, John},
  journal={Phys. Rev. B Condens. Matter},
  fjournal={Physical Review B},
  volume={99},
  pages={235435},
  year={2019},
  publisher={APS}
}

@article{kivshar1993dark,
  title={Dark solitons in nonlinear optics},
  author={Kivshar, Yuri S},
  journal={IEEE J. Quantum Electron.},
  fjournal={IEEE Journal of Quantum Electronics},
  volume={29},
  number={1},
  pages={250--264},
  year={1993},
  publisher={IEEE}
}

@article{sandstrom1995dissipation,
  title={Dissipation in internal tides and solitary waves},
  author={Sandstrom, H and Oakey, NS},
  journal={J. Phys. Oceanogr.},
  fjournal={Journal of Physical Oceanography},
  volume={25},
  number={4},
  pages={604--614},
  year={1995}
}

@article{sahu2012nonextensive,
  title={Nonextensive dust acoustic solitary and shock waves in nonplanar geometry},
  author={Sahu, Biswajit and Tribeche, Mouloud},
  journal={Astrophys. Space Sci.},
  fjournal={Astrophysics and Space Science},
  volume={338},
  number={2},
  pages={259--264},
  year={2012},
  publisher={Springer}
}

@article{antar1999weakly,
  title={Weakly nonlinear waves in a prestressed thin elastic tube containing a viscous fluid},
  author={Antar, Nalan and Demiray, Hilmi},
  journal={Int. J. Eng. Sci.},
  fjournal={International journal of engineering science},
  volume={37},
  number={14},
  pages={1859--1876},
  year={1999},
  publisher={Elsevier}
}

@article{drake2001discrete,
  title={Discrete particle model for sheet flow sediment transport in the nearshore},
  author={Drake, Thomas G and Calantoni, Joseph},
  journal={J. Geophys. Res.},
  fjournal={Journal of Geophysical Research: Oceans},
  volume={106},
  number={C9},
  pages={19859--19868},
  year={2001},
  publisher={Wiley Online Library}
}

@article{hoefel2003wave,
  title={Wave-induced sediment transport and sandbar migration},
  author={Hoefel, Fernanda and Elgar, Steve},
  journal={Science},
  volume={299},
  number={5614},
  pages={1885--1887},
  year={2003},
  publisher={American Association for the Advancement of Science}
}

@article{hayne1980radar,
  title={Radar altimeter mean return waveforms from near-normal-incidence ocean surface scattering},
  author={Hayne, G},
  journal={IEEE Trans. Antennas Propag.},
  fjournal={IEEE Transactions on Antennas and Propagation},
  volume={28},
  number={5},
  pages={687--692},
  year={1980},
  publisher={IEEE}
}

@article{soares2008abnormal,
  title={Abnormal wave-induced load effects in ship structures},
  author={Soares, Guedes C and Fonseca, N and Pascoal, R},
  journal={J. Ship Res.},
  fjournal={Journal of ship research},
  volume={52},
  number={1},
  pages={30--44},
  year={2008},
  publisher={Society of Naval Architects and Marine Engineers (SNAME)}
}

@article {peirson2008wind,
    AUTHOR = {Peirson, William L and Garcia, Andrew W},
     TITLE = {On the wind-induced growth of slow water waves of finite
              steepness},
   JOURNAL = {J. Fluid Mech.},
  FJOURNAL = {Journal of Fluid Mechanics},
    VOLUME = {608},
      YEAR = {2008},
     PAGES = {243--274},
      ISSN = {0022-1120},
   MRCLASS = {86A05 (76B15)},
  MRNUMBER = {2439753},
       DOI = {10.1017/S002211200800205X},
       URL = {https://doi.org/10.1017/S002211200800205X},
}

@article{grare2013growth,
  title={Growth and dissipation of wind-forced, deep-water waves},
  author={Grare, Laurent and Peirson, William L and Branger, Hubert and Walker, James W and Giovanangeli, Jean-Paul and Makin, Vladimir},
  journal={J. Fluid Mech.},
  fjournal={Journal of Fluid Mechanics},
  volume={722},
  pages={5--50},
  year={2013},
  publisher={Cambridge University Press}
}

@article{plant1977growth,
  title={Growth and equilibrium of short gravity waves in a wind-wave tank},
  author={Plant, W J and Wright, J W},
  journal={J. Fluid Mech.},
  fjournal={Journal of Fluid Mechanics},
  volume={82},
  number={4},
  pages={767--793},
  year={1977},
  publisher={Cambridge University Press}
}

@misc{donelan1999wind,
  title={Wind-induced growth and attenuation of laboratory waves. Wind-over-wave couplings: perspectives and prospects},
  editor={Sajadi, S G and Thomas, N H and Hunt, J C R},
  author={Donelan, M},
  year={1999},
  publisher={Clarendon Press}
}

@article{sulivan2010dynamics,
  author = {Sullivan, Peter P and McWilliams, James C},
  title = {Dynamics of Winds and Currents Coupled to Surface Waves},
  journal = {Annu. Rev. Fluid Mech.},
  fjournal = {Annual Review of Fluid Mechanics},
  volume = {42},
  number = {1},
  pages = {19-42},
  year = {2010},
  doi = {10.1146/annurev-fluid-121108-145541},
  URL = {https://doi.org/10.1146/annurev-fluid-121108-145541},
}

@article{janssen1991quasi,
  title={Quasi-linear Theory of Wind-Wave Generation Applied to Wave Forecasting},
  author={Janssen, Peter A E M},
  journal={J. Phys. Oceanogr.},
  fjournal={Journal of Physical Oceanography},
  volume={21},
  number={11},
  pages={1631--1642},
  year={1991}
}

@article{hammack1974korteweg,
  title={The {Korteweg-de Vries} equation and water waves. Part 2. Comparison with experiments},
  author={Hammack, Joseph L and Segur, Harvey},
  journal={J. Fluid Mech.},
  fjournal={Journal of Fluid mechanics},
  volume={65},
  number={2},
  pages={289--314},
  year={1974},
  publisher={Cambridge University Press}
}

@article{husain2019boundary,
  title={Boundary layer turbulence over surface waves in a strongly forced condition: {LES} and observation},
  author={Husain, Nyla T and Hara, Tetsu and Buckley, Marc P and Yousefi, Kianoosh and Veron, Fabrice and Sullivan, Peter P},
  journal={J. Phys. Oceanogr.},
  fjournal={Journal of Physical Oceanography},
  volume={49},
  number={8},
  pages={1997--2015},
  year={2019}
}

@article{kharif2008influence,
  title={Influence of wind on extreme wave events: experimental and numerical approaches},
  author={Kharif, C and Giovanangeli, J P and Touboul, J and Grare, L and Pelinovsky, E},
  journal={J. Fluid Mech.},
  fjournal={Journal of Fluid Mechanics},
  volume={594},
  year={2008},
  pages={209–247},
  publisher={Cambridge University Press},
}

@article{johnson1972some,
  title={Some numerical solutions of a variable-coefficient Korteweg-de Vries equation (with applications to solitary wave development on a shelf)},
  author={Johnson, RS},
  journal={J. Fluid Mech.},
  fjournal={Journal of Fluid Mechanics},
  volume={54},
  number={1},
  pages={81--91},
  year={1972},
  publisher={Cambridge University Press}
}

@article{ono1972wave,
  title={Wave propagation in an inhomogeneous anharmonic lattice},
  author={Ono, Hiroaki},
  journal={J. Phys. Soc. Japan},
  fjournal={Journal of the Physical Society of Japan},
  volume={32},
  number={2},
  pages={332--336},
  year={1972},
  publisher={The Physical Society of Japan}
}

@article{brun2018convective,
  title={Convective wave breaking in the KdV equation},
  author={Brun, Mats K and Kalisch, Henrik},
  journal={Anal. Math. Phys.},
  fjournal={Analysis and Mathematical Physics},
  volume={8},
  number={1},
  pages={57--75},
  year={2018},
  publisher={Springer}
}

@article{burns2020dedalus,
  title={Dedalus: A flexible framework for numerical simulations with spectral methods},
  author={Burns, Keaton J and Vasil, Geoffrey M and Oishi, Jeffrey S and Lecoanet, Daniel and Brown, Benjamin P},
  journal={Phys. Rev. Research},
  fjournal={Physical Review Research},
  volume={2},
  pages={023068},
  year={2020},
  publisher={APS}
}

@article{hadamard1902problemes,
  title={Sur les probl{\`e}mes aux d{\'e}riv{\'e}es partielles et leur signification physique},
  author={Hadamard, Jacques},
  journal={Princeton university bulletin},
  pages={49--52},
  year={1902}
}

@book{ablowitz2011nonlinear,
  title={Nonlinear dispersive waves: asymptotic analysis and solitons},
  author={Ablowitz, Mark J},
  volume={47},
  year={2011},
  publisher={Cambridge University Press}
}

@article{cavaleri1981wind,
  title={Wind wave prediction in shallow water: Theory and applications},
  author={Cavaleri, Luigi and Rizzoli, Paola Malanotte},
  journal={J. Geophys. Res},
  fjournal={Journal of Geophysical Research: Oceans},
  volume={86},
  number={C11},
  pages={10961--10973},
  year={1981},
  publisher={Wiley Online Library}
}

@article{hao2019wind,
  title={Wind--wave coupling study using {LES} of wind and phase-resolved simulation of nonlinear waves},
  author={Hao, Xuanting and Shen, Lian},
  journal={J. Fluid Mech.},
  fjournal={Journal of Fluid Mechanics},
  volume={874},
  pages={391--425},
  year={2019},
  publisher={Cambridge University Press}
}

@article{liu2010numerical,
  title={Numerical study of pressure forcing of wind on dynamically evolving water waves},
  author={Liu, Yi and Yang, Di and Guo, Xin and Shen, Lian},
  JOURNAL = {Phys. Fluids},
  FJOURNAL = {The Physics of Fluids},
  volume={22},
  pages={041704},
  year={2010},
  publisher={AIP}
}

@article{hara2015wave,
  title={Wave boundary layer turbulence over surface waves in a strongly forced condition},
  author={Hara, Tetsu and Sullivan, Peter P},
  journal={J. Phys. Oceanogr.},
  fjournal={Journal of Physical Oceanography},
  volume={45},
  number={3},
  pages={868--883},
  year={2015}
}

@article{yang2018direct,
  title={Direct numerical simulation of wind turbulence over breaking waves},
  author={Yang, Zixuan and Deng, Bing-Qing and Shen, Lian},
  journal={J. Fluid Mech.},
  fjournal={Journal of Fluid Mechanics},
  volume={850},
  pages={120--155},
  year={2018},
  publisher={Cambridge University Press}
}

@article{munk1949solitary,
  title={The solitary wave theory and its application to surf problems},
  author={Munk, Walter H},
  journal={Ann. N. Y. Acad. Sci.},
  fjournal={Annals of the New York Academy of Sciences},
  volume={51},
  number={3},
  pages={376--424},
  year={1949},
  publisher={Wiley Online Library}
}

@article{xu2018prediction,
  title={Prediction of solitary wave forces on coastal bridge decks using artificial neural networks},
  author={Xu, Guoji and Chen, Qin and Chen, Jianhua},
  journal={J. Bridge Eng},
  fjournal={Journal of Bridge Engineering},
  volume={23},
  pages={04018023},
  year={2018},
  publisher={American Society of Civil Engineers}
}

@article{lin2004numerical,
  title={A numerical study of solitary wave interaction with rectangular obstacles},
  author={Lin, Pengzhi},
  journal={Coast. Eng.},
  fjournal={Coastal Engineering},
  volume={51},
  number={1},
  pages={35--51},
  year={2004},
  publisher={Elsevier}
}

@article{monaghan1999solitary,
  title={Solitary waves on a Cretan beach},
  author={Monaghan, Joseph J and Kos, Andrew},
  journal={J. Waterw. Port Coast. Ocean Eng.},
  fjournal={Journal of waterway, port, coastal, and ocean engineering},
  volume={125},
  number={3},
  pages={145--155},
  year={1999},
  publisher={American Society of Civil Engineers}
}

@article{lin1998numerical,
  title={A numerical study of breaking waves in the surf zone},
  author={Lin, Pengzhi and Liu, Philip L-F},
  journal={J. Fluid Mech.},
  fjournal={Journal of fluid mechanics},
  volume={359},
  pages={239--264},
  year={1998},
  publisher={Cambridge University Press}
}

@article{dommermuth1987high,
  title={A high-order spectral method for the study of nonlinear gravity waves},
  author={Dommermuth, Douglas G and Yue, Dick KP},
  journal={J. Fluid Mech.},
  fjournal={Journal of Fluid Mechanics},
  volume={184},
  pages={267--288},
  year={1987},
  publisher={Cambridge University Press}
}

@article{miles1979korteweg,
  title={On the Korteweg—de Vries equation for a gradually varying channel},
  author={Miles, John W},
  journal={J. Fluid Mech.},
  fjournal={Journal of Fluid Mechanics},
  volume={91},
  number={1},
  pages={181--190},
  year={1979},
  publisher={Cambridge University Press}
}

@article{zonta2015growth,
  title={Growth and spectra of gravity--capillary waves in countercurrent air/water turbulent flow},
  author={Zonta, Francesco and Soldati, Alfredo and Onorato, Miguel},
  journal={J. Fluid Mech.},
  fjournal={Journal of Fluid Mechanics},
  volume={777},
  pages={245--259},
  year={2015},
  publisher={Cambridge University Press}
}
